<?xml version="1.0" encoding="UTF-8"?><collection xmlns="http://www.loc.gov/MARC21/slim"><record><leader>00584nam--2200205-i-4500</leader><controlfield tag="001">000015403</controlfield><controlfield tag="002">20161230</controlfield><controlfield tag="005">20161230201031</controlfield><controlfield tag="008">060222s1000------------r-----000-0-eng-d</controlfield><datafield ind1=" " ind2=" " tag="020"><subfield code="a">0080252664</subfield></datafield><datafield ind1=" " ind2=" " tag="040"><subfield code="a">IFIN-HH</subfield></datafield><datafield ind1=" " ind2=" " tag="080"><subfield code="a">543.422.8</subfield></datafield><datafield ind1="1" ind2=" " tag="100"><subfield code="a">Bonnelle, C</subfield></datafield><datafield ind1="1" ind2="0" tag="245"><subfield code="a">Advances in x-ray spectroscopy;</subfield><subfield code="b">Contribution in honour of professor y.cauchois</subfield><subfield code="c">C. BONNELLE; C. MANDE (Eds.)</subfield></datafield><datafield ind1=" " ind2=" " tag="260"><subfield code="a">FRANKFURT</subfield><subfield code="b">Pergamon Press</subfield><subfield code="c">1982</subfield></datafield><datafield ind1=" " ind2=" " tag="300"><subfield code="a">XIV + 466 P</subfield></datafield><datafield ind1="0" ind2=" " tag="650"><subfield code="a">X-ray Spectroscopy</subfield></datafield><datafield ind1="1" ind2=" " tag="700"><subfield code="a">Mande, C</subfield></datafield><datafield ind1=" " ind2=" " tag="852"><subfield code="a">72125</subfield><subfield code="c">535.33</subfield></datafield><datafield ind1=" " ind2=" " tag="CAT"><subfield code="a">Sys</subfield><subfield code="c">20101217</subfield><subfield code="h">095546</subfield></datafield></record></collection>